@article{kipf2016semi,
	title={Semi-supervised classification with graph convolutional networks},
	author={Kipf, Thomas N and Welling, Max},
	journal={arXiv preprint arXiv:1609.02907},
	year={2016}
}

@article{hamilton2017inductive,
	title={Inductive representation learning on large graphs},
	author={Hamilton, Will and Ying, Zhitao and Leskovec, Jure},
	journal={Advances in neural information processing systems},
	volume={30},
	year={2017}
}

@article{velivckovic2017graph,
	title={Graph attention networks},
	author={Veli{\v{c}}kovi{\'c}, Petar and Cucurull, Guillem and Casanova, Arantxa and Romero, Adriana and Lio, Pietro and Bengio, Yoshua},
	journal={arXiv preprint arXiv:1710.10903},
	year={2017}
}

@article{xu2018powerful,
	title={How powerful are graph neural networks?},
	author={Xu, Keyulu and Hu, Weihua and Leskovec, Jure and Jegelka, Stefanie},
	journal={arXiv preprint arXiv:1810.00826},
	year={2018}
}

@inproceedings{gilmer2017neural,
	title={Neural message passing for quantum chemistry},
	author={Gilmer, Justin and Schoenholz, Samuel S and Riley, Patrick F and Vinyals, Oriol and Dahl, George E},
	booktitle={International conference on machine learning},
	pages={1263--1272},
	year={2017},
	organization={PMLR}
}

@inproceedings{abu2019mixhop,
	title={Mixhop: Higher-order graph convolutional architectures via sparsified neighborhood mixing},
	author={Abu-El-Haija, Sami and Perozzi, Bryan and Kapoor, Amol and Alipourfard, Nazanin and Lerman, Kristina and Harutyunyan, Hrayr and Ver Steeg, Greg and Galstyan, Aram},
	booktitle={international conference on machine learning},
	pages={21--29},
	year={2019},
	organization={PMLR}
}

@article{pei2020geom,
	title={Geom-gcn: Geometric graph convolutional networks},
	author={Pei, Hongbin and Wei, Bingzhe and Chang, Kevin Chen-Chuan and Lei, Yu and Yang, Bo},
	journal={arXiv preprint arXiv:2002.05287},
	year={2020}
}

@article{zhu2020beyond,
	title={Beyond homophily in graph neural networks: Current limitations and effective designs},
	author={Zhu, Jiong and Yan, Yujun and Zhao, Lingxiao and Heimann, Mark and Akoglu, Leman and Koutra, Danai},
	journal={Advances in Neural Information Processing Systems},
	volume={33},
	pages={7793--7804},
	year={2020}
}

@inproceedings{zhu2021graph,
	title={Graph neural networks with heterophily},
	author={Zhu, Jiong and Rossi, Ryan A and Rao, Anup and Mai, Tung and Lipka, Nedim and Ahmed, Nesreen K and Koutra, Danai},
	booktitle={Proceedings of the AAAI Conference on Artificial Intelligence},
	volume={35},
	number={12},
	pages={11168--11176},
	year={2021}
}

@article{chien2020adaptive,
	title={Adaptive universal generalized pagerank graph neural network},
	author={Chien, Eli and Peng, Jianhao and Li, Pan and Milenkovic, Olgica},
	journal={arXiv preprint arXiv:2006.07988},
	year={2020}
}

@article{luan2021heterophily,
	title={Is Heterophily A Real Nightmare For Graph Neural Networks To Do Node Classification?},
	author={Luan, Sitao and Hua, Chenqing and Lu, Qincheng and Zhu, Jiaqi and Zhao, Mingde and Zhang, Shuyuan and Chang, Xiao-Wen and Precup, Doina},
	journal={arXiv preprint arXiv:2109.05641},
	year={2021}
}

@article{ma2021homophily,
	title={Is homophily a necessity for graph neural networks?},
	author={Ma, Yao and Liu, Xiaorui and Shah, Neil and Tang, Jiliang},
	journal={arXiv preprint arXiv:2106.06134},
	year={2021}
}

@article{lim2021large,
	title={Large scale learning on non-homophilous graphs: New benchmarks and strong simple methods},
	author={Lim, Derek and Hohne, Felix and Li, Xiuyu and Huang, Sijia Linda and Gupta, Vaishnavi and Bhalerao, Omkar and Lim, Ser Nam},
	journal={Advances in Neural Information Processing Systems},
	volume={34},
	pages={20887--20902},
	year={2021}
}

@article{gosgens2021good,
	title={Good Classification Measures and How to Find Them},
	author={G{\"o}sgens, Martijn and Zhiyanov, Anton and Tikhonov, Aleksey and Prokhorenkova, Liudmila},
	journal={Advances in Neural Information Processing Systems},
	volume={34},
	pages={17136--17147},
	year={2021}
}

@inproceedings{gosgens2021systematic,
	title={Systematic analysis of cluster similarity indices: How to validate validation measures},
	author={G{\"o}sgens, Martijn M and Tikhonov, Alexey and Prokhorenkova, Liudmila},
	booktitle={International Conference on Machine Learning},
	pages={3799--3808},
	year={2021},
	organization={PMLR}
}

@article{newman2004finding,
	title={Finding and evaluating community structure in networks},
	author={Newman, Mark EJ and Girvan, Michelle},
	journal={Physical review E},
	volume={69},
	number={2},
	pages={026113},
	year={2004},
	publisher={APS}
}

@article{holland1983stochastic,
	title={Stochastic blockmodels: First steps},
	author={Holland, Paul W and Laskey, Kathryn Blackmond and Leinhardt, Samuel},
	journal={Social networks},
	volume={5},
	number={2},
	pages={109--137},
	year={1983},
	publisher={Elsevier}
}

@article{mccallum2000automating,
	title={Automating the construction of internet portals with machine learning},
	author={McCallum, Andrew Kachites and Nigam, Kamal and Rennie, Jason and Seymore, Kristie},
	journal={Information Retrieval},
	volume={3},
	number={2},
	pages={127--163},
	year={2000},
	publisher={Springer}
}

@inproceedings{namata2012query,
	title={Query-driven active surveying for collective classification},
	author={Namata, Galileo and London, Ben and Getoor, Lise and Huang, Bert and Edu, U},
	booktitle={10th International Workshop on Mining and Learning with Graphs},
	volume={8},
	pages={1},
	year={2012}
}

@article{sen2008collective,
	title={Collective classification in network data},
	author={Sen, Prithviraj and Namata, Galileo and Bilgic, Mustafa and Getoor, Lise and Galligher, Brian and Eliassi-Rad, Tina},
	journal={AI magazine},
	volume={29},
	number={3},
	pages={93--93},
	year={2008}
}

@inproceedings{yang2016revisiting,
	title={Revisiting semi-supervised learning with graph embeddings},
	author={Yang, Zhilin and Cohen, William and Salakhudinov, Ruslan},
	booktitle={International conference on machine learning},
	pages={40--48},
	year={2016},
	organization={PMLR}
}

@inproceedings{giles1998citeseer,
	title={CiteSeer: An automatic citation indexing system},
	author={Giles, C Lee and Bollacker, Kurt D and Lawrence, Steve},
	booktitle={Proceedings of the third ACM conference on Digital libraries},
	pages={89--98},
	year={1998}
}

@article{boccaletti2006complex,
	title={Complex networks: Structure and dynamics},
	author={Boccaletti, Stefano and Latora, Vito and Moreno, Yamir and Chavez, Martin and Hwang, D-U},
	journal={Physics reports},
	volume={424},
	number={4-5},
	pages={175--308},
	year={2006},
	publisher={Elsevier}
}

@article{molloy1995critical,
	title={A critical point for random graphs with a given degree sequence},
	author={Molloy, Michael and Reed, Bruce},
	journal={Random structures \& algorithms},
	volume={6},
	number={2-3},
	pages={161--180},
	year={1995},
	publisher={Wiley Online Library}
}

@article{chung2002connected,
	title={Connected components in random graphs with given expected degree sequences},
	author={Chung, Fan and Lu, Linyuan},
	journal={Annals of combinatorics},
	volume={6},
	number={2},
	pages={125--145},
	year={2002},
	publisher={Springer}
}

@article{newman2016equivalence,
	title={Equivalence between modularity optimization and maximum likelihood methods for community detection},
	author={Newman, Mark EJ},
	journal={Physical Review E},
	volume={94},
	number={5},
	pages={052315},
	year={2016},
	publisher={APS}
}

@inproceedings{prokhorenkova2019community,
	title={Community detection through likelihood optimization: in search of a sound model},
	author={Prokhorenkova, Liudmila and Tikhonov, Alexey},
	booktitle={The World Wide Web Conference},
	pages={1498--1508},
	year={2019}
}

@article{shchur2018pitfalls,
	title={Pitfalls of graph neural network evaluation},
	author={Shchur, Oleksandr and Mumme, Maximilian and Bojchevski, Aleksandar and G{\"u}nnemann, Stephan},
	journal={arXiv preprint arXiv:1811.05868},
	year={2018}
}

@article{rozemberczki2021multi,
	title={Multi-scale attributed node embedding},
	author={Rozemberczki, Benedek and Allen, Carl and Sarkar, Rik},
	journal={Journal of Complex Networks},
	volume={9},
	number={2},
	pages={cnab014},
	year={2021},
	publisher={Oxford University Press}
}

@article{hu2020open,
	title={Open graph benchmark: Datasets for machine learning on graphs},
	author={Hu, Weihua and Fey, Matthias and Zitnik, Marinka and Dong, Yuxiao and Ren, Hongyu and Liu, Bowen and Catasta, Michele and Leskovec, Jure},
	journal={Advances in neural information processing systems},
	volume={33},
	pages={22118--22133},
	year={2020}
}

@inproceedings{tang2009social,
	title={Social influence analysis in large-scale networks},
	author={Tang, Jie and Sun, Jimeng and Wang, Chi and Yang, Zi},
	booktitle={Proceedings of the 15th ACM SIGKDD international conference on Knowledge discovery and data mining},
	pages={807--816},
	year={2009}
}

@article{zeng2019graphsaint,
	title={Graphsaint: Graph sampling based inductive learning method},
	author={Zeng, Hanqing and Zhou, Hongkuan and Srivastava, Ajitesh and Kannan, Rajgopal and Prasanna, Viktor},
	journal={arXiv preprint arXiv:1907.04931},
	year={2019}
}

@inproceedings{he2016deep,
	title={Deep residual learning for image recognition},
	author={He, Kaiming and Zhang, Xiangyu and Ren, Shaoqing and Sun, Jian},
	booktitle={Proceedings of the IEEE conference on computer vision and pattern recognition},
	pages={770--778},
	year={2016}
}

@article{ba2016layer,
	title={Layer normalization},
	author={Ba, Jimmy Lei and Kiros, Jamie Ryan and Hinton, Geoffrey E},
	journal={arXiv preprint arXiv:1607.06450},
	year={2016}
}

@article{hendrycks2016gaussian,
	title={Gaussian error linear units (gelus)},
	author={Hendrycks, Dan and Gimpel, Kevin},
	journal={arXiv preprint arXiv:1606.08415},
	year={2016}
}

@article{kingma2014adam,
	title={Adam: A method for stochastic optimization},
	author={Kingma, Diederik P and Ba, Jimmy},
	journal={arXiv preprint arXiv:1412.6980},
	year={2014}
}

@article{paszke2019pytorch,
	title={Pytorch: An imperative style, high-performance deep learning library},
	author={Paszke, Adam and Gross, Sam and Massa, Francisco and Lerer, Adam and Bradbury, James and Chanan, Gregory and Killeen, Trevor and Lin, Zeming and Gimelshein, Natalia and Antiga, Luca and others},
	journal={Advances in neural information processing systems},
	volume={32},
	year={2019}
}

@article{wang2019deep,
	title={Deep graph library: A graph-centric, highly-performant package for graph neural networks},
	author={Wang, Minjie and Zheng, Da and Ye, Zihao and Gan, Quan and Li, Mufei and Song, Xiang and Zhou, Jinjing and Ma, Chao and Yu, Lingfan and Gai, Yu and others},
	journal={arXiv preprint arXiv:1909.01315},
	year={2019}
}
